@Book{cormen:2009,
  author = {Thomas H. Cormen and Charles E. Leiserson and Ronald L. Rivest and Clifford Stein},
  title = {Algoritmos: Teorias e Práticas},
  publisher = {Rio de Janeiro - Elsevier},
  year = {2009},
  edition = {3th}
}

@Book{ziviani:1999,
  author = {Nivio Ziviani},
  title = {Projeto de Algoritmos: com implementação em Pascal e C},
  publisher = {SãoPaulo - Pioneira},
  year = {1999},
  edition = {4th}
}

@Book{tenembaum:1995,
  author = {Aaron M. Tenembaum and Mosh J. Augenstein and Yedidyah Lagnsam},
  title = {Estrutura de Dados Usando C},
  publisher = {SãoPaulo - Markron Books},
  year = {1995},
}

@Misc{geeks:2024_search,
  author = {GeeksforGeeks},
  title = {Searching Algorithms},
  year = {01 Abr, 2024},
  url = {https://www.geeksforgeeks.org/searching-algorithms/},
  note = {[Online; accessed 07-August-2024]}
}
 
@Misc{geeks:2024_binary,
  author = {GeeksforGeeks},
  title = {Binary Search Algorithm},
  year = {26 Jul, 2024},
  url = {https://www.geeksforgeeks.org/binary-search/},
  note = {[Online; accessed 07-August-2024]}
}

@Misc{geeks:2024_linear,
  author = {GeeksforGeeks},
  title = {Linear Search Algorithm},
  year = {05 Jul, 2024},
  url = {https://www.geeksforgeeks.org/linear-search/},
  note = {[Online; accessed 07-August-2024]}
}

@Article{alves:2018,
  author = {Julia Rezende Alves},
  title = {Analise de Desempenho dos Algoritmos de Busca},
  year = {2018},
  journal = {Researchgate},
  url = {https://www.researchgate.net/publication/325116327_Analise_de_Desempenho_dos_Algoritmos_de_Busca_Sequencial_e_de_Busca_Binaria_como_Ferramentas_de_um_Sistema_de_Gerenciamento_Bancario},
  note = {[Online; accessed 07-August-2024]}
}